<?xml version="1.0" encoding="UTF-8"?>
<OAI-PMH xmlns="http://www.openarchives.org/OAI/2.0/" xmlns:xsi="http://www.w3.org/2001/XMLSchema-instance" xsi:schemaLocation="http://www.openarchives.org/OAI/2.0/ http://www.openarchives.org/OAI/2.0/OAI-PMH.xsd">
  <ListRecords>
    <record>
      <header>
        <identifier>aleph-publish:019322945</identifier>
      </header>
      <metadata>
        <record xmlns="http://www.ddb.de/professionell/mabxml/mabxml-1.xsd">
          <leader>00000nM2.01200024------h</leader>
          <controlfield tag="LDR">00000nM2.01200024------h</controlfield>
          <controlfield tag="FMT">MH</controlfield>
          <datafield tag="001" ind1="-" ind2="1">
            <subfield code="a">HT017411546</subfield>
          </datafield>
          <datafield tag="002" ind1="a" ind2="1">
            <subfield code="a">20121008</subfield>
          </datafield>
          <datafield tag="003" ind1="-" ind2="1">
            <subfield code="a">20210120100052</subfield>
          </datafield>
          <datafield tag="020" ind1="a" ind2="1">
            <subfield code="a">2685248-2</subfield>
            <subfield code="b">DNB</subfield>
          </datafield>
          <datafield tag="025" ind1="a" ind2="1">
            <subfield code="a">1026654807</subfield>
          </datafield>
          <datafield tag="025" ind1="z" ind2="1">
            <subfield code="a">2685248-2</subfield>
          </datafield>
          <datafield tag="025" ind1="o" ind2="1">
            <subfield code="a">1073526105</subfield>
          </datafield>
          <datafield tag="026" ind1="-" ind2="1">
            <subfield code="a">ZDB2685248-2</subfield>
          </datafield>
          <controlfield tag="030">a||u|||||||37</controlfield>
          <datafield tag="036" ind1="a" ind2="1">
            <subfield code="a">XA-DXDE</subfield>
          </datafield>
          <datafield tag="037" ind1="b" ind2="1">
            <subfield code="a">ger</subfield>
          </datafield>
          <controlfield tag="050">||||||||g|||||</controlfield>
          <controlfield tag="052">p||||||t|||||||</controlfield>
          <datafield tag="060" ind1="-" ind2="1">
            <subfield code="b">txt</subfield>
            <subfield code="a">Text</subfield>
          </datafield>
          <datafield tag="061" ind1="-" ind2="1">
            <subfield code="b">c</subfield>
            <subfield code="a">Computermedien</subfield>
          </datafield>
          <datafield tag="062" ind1="-" ind2="1">
            <subfield code="b">cr</subfield>
            <subfield code="a">Online-Ressource</subfield>
          </datafield>
          <datafield tag="064" ind1="a" ind2="1">
            <subfield code="a">Zeitschrift</subfield>
            <subfield code="9">(DE-588)4067488-5</subfield>
          </datafield>
          <datafield tag="064" ind1="a" ind2="1">
            <subfield code="a">Bibliografie</subfield>
            <subfield code="y">1800-1940</subfield>
            <subfield code="9">(DE-588)4006432-3</subfield>
          </datafield>
          <datafield tag="070" ind1="-" ind2="1">
            <subfield code="a">0006</subfield>
          </datafield>
          <datafield tag="070" ind1="a" ind2="1">
            <subfield code="a">DNB</subfield>
          </datafield>
          <datafield tag="070" ind1="b" ind2="1">
            <subfield code="a">0006</subfield>
          </datafield>
          <datafield tag="076" ind1="c" ind2="1">
            <subfield code="a">dm ld</subfield>
          </datafield>
          <datafield tag="078" ind1="n" ind2="1">
            <subfield code="a">NWBib-6</subfield>
          </datafield>
          <datafield tag="078" ind1="z" ind2="1">
            <subfield code="a">lzZDB</subfield>
          </datafield>
          <datafield tag="200" ind1="b" ind2="1">
            <subfield code="k">Historische Kommission für Westfalen</subfield>
            <subfield code="4">isb</subfield>
            <subfield code="3">Herausgebendes Organ</subfield>
            <subfield code="9">(DE-588)2140069-6</subfield>
          </datafield>
          <datafield tag="201" ind1="-" ind2="1">
            <subfield code="k">Landschaftsverband Westfalen-Lippe</subfield>
            <subfield code="b">Historische Kommission für Westfalen</subfield>
          </datafield>
          <datafield tag="201" ind1="-" ind2="1">
            <subfield code="k">Provinzialinstitut für Westfälische Landes- und Volksforschung</subfield>
            <subfield code="h">Münster (Westf)</subfield>
            <subfield code="b">Historische Kommission für Westfalen</subfield>
          </datafield>
          <datafield tag="201" ind1="-" ind2="1">
            <subfield code="k">Historische Kommission Westfalens</subfield>
            <subfield code="h">Historische Kommission für Westfalen</subfield>
          </datafield>
          <datafield tag="201" ind1="-" ind2="1">
            <subfield code="k">Provinzialinstitut für Westfälische Landes- und Volksforschung</subfield>
            <subfield code="h">Münster (Westf)</subfield>
            <subfield code="b">Historische Kommission Westfalens</subfield>
          </datafield>
          <datafield tag="331" ind1="-" ind2="1">
            <subfield code="a">Westfälische Bibliographie zur Geschichte, Landeskunde und Volkskunde</subfield>
          </datafield>
          <datafield tag="370" ind1="a" ind2="1">
            <subfield code="a">Veröffentlichungen der Historischen Kommission für Westfalen / Westfälische Bibliographie zur Geschichte, Landeskunde und Volkskunde</subfield>
          </datafield>
          <datafield tag="405" ind1="-" ind2="1">
            <subfield code="a">1.1951/55; 2.1961/90; 3.1977; 4.2004=Register; damit Ersch. eingest.</subfield>
          </datafield>
          <datafield tag="406" ind1="a" ind2="1">
            <subfield code="d">1</subfield>
            <subfield code="j">1951/55</subfield>
          </datafield>
          <datafield tag="406" ind1="a" ind2="1">
            <subfield code="d">2</subfield>
            <subfield code="j">1961/90</subfield>
          </datafield>
          <datafield tag="406" ind1="a" ind2="1">
            <subfield code="d">3</subfield>
            <subfield code="j">1977</subfield>
          </datafield>
          <datafield tag="406" ind1="a" ind2="1">
            <subfield code="d">4</subfield>
            <subfield code="j">2004</subfield>
          </datafield>
          <datafield tag="419" ind1="-" ind2="1">
            <subfield code="a">Münster</subfield>
            <subfield code="b">Regensberg</subfield>
            <subfield code="c">1951-2004</subfield>
            <subfield code="A">3</subfield>
          </datafield>
          <datafield tag="419" ind1="-" ind2="1">
            <subfield code="a">Münster</subfield>
            <subfield code="b">Historische Kommission, Landschaftsverband Westfalen-Lippe</subfield>
            <subfield code="c">1951-2004</subfield>
            <subfield code="A">3</subfield>
          </datafield>
          <datafield tag="419" ind1="-" ind2="1">
            <subfield code="a">Münster</subfield>
            <subfield code="b">Regensberg</subfield>
            <subfield code="c">1951-1977</subfield>
            <subfield code="A">2</subfield>
          </datafield>
          <datafield tag="425" ind1="b" ind2="1">
            <subfield code="a">1951</subfield>
          </datafield>
          <datafield tag="425" ind1="c" ind2="1">
            <subfield code="a">2004</subfield>
          </datafield>
          <datafield tag="433" ind1="-" ind2="1">
            <subfield code="a">Online-Ressource</subfield>
          </datafield>
          <datafield tag="501" ind1="-" ind2="1">
            <subfield code="a">Gesehen am 08.10.12</subfield>
          </datafield>
          <datafield tag="509" ind1="-" ind2="1">
            <subfield code="p">Beteil. Körp. anfangs</subfield>
            <subfield code="a">Historische Kommission für Westfalen in Verbindung mit dem Verein für Geschichte und Altertumskunde Westfalens</subfield>
          </datafield>
          <datafield tag="523" ind1="-" ind2="1">
            <subfield code="a">Ersch. in Lfg; springende Ersch.-Jahre</subfield>
          </datafield>
          <datafield tag="552" ind1="b" ind2="1">
            <subfield code="a">urn:nbn:de:hbz:6-85659520092</subfield>
          </datafield>
          <datafield tag="610" ind1="-" ind2="1">
            <subfield code="a">Digitalisierte Ausg.</subfield>
          </datafield>
          <datafield tag="610" ind1="a" ind2="1">
            <subfield code="a">Münster : Universitäts- und Landesbibliothek, 2012. (Digitale Sammlungen der Universitäts- und Landesbibliothek Münster)</subfield>
          </datafield>
          <datafield tag="611" ind1="-" ind2="1">
            <subfield code="a">Digitalisierte Ausg.</subfield>
          </datafield>
          <datafield tag="613" ind1="-" ind2="1">
            <subfield code="a">Digitalisierte Ausg.</subfield>
          </datafield>
          <datafield tag="614" ind1="-" ind2="1">
            <subfield code="a">Digitalisierte Ausg.</subfield>
          </datafield>
          <datafield tag="616" ind1="-" ind2="1">
            <subfield code="a">Digitalisierte Ausg.</subfield>
          </datafield>
          <datafield tag="619" ind1="b" ind2="1">
            <subfield code="a">2012</subfield>
          </datafield>
          <datafield tag="621" ind1="-" ind2="1">
            <subfield code="a">Digitale Sammlungen der Universitäts- und Landesbibliothek Münster</subfield>
          </datafield>
          <datafield tag="655" ind1="e" ind2="1">
            <subfield code="u">https://nbn-resolving.org/urn:nbn:de:hbz:6-85659520092</subfield>
            <subfield code="x">Resolving-System</subfield>
            <subfield code="A">0</subfield>
          </datafield>
          <datafield tag="655" ind1="e" ind2="1">
            <subfield code="u">http://sammlungen.ulb.uni-muenster.de/urn/urn:nbn:de:hbz:6-85659520092</subfield>
            <subfield code="x">Digitalisierung</subfield>
            <subfield code="z">kostenfrei</subfield>
            <subfield code="A">0</subfield>
          </datafield>
          <datafield tag="700" ind1="-" ind2="1">
            <subfield code="a">900</subfield>
            <subfield code="2">ZDB</subfield>
          </datafield>
          <datafield tag="700" ind1="n" ind2="1">
            <subfield code="a">04</subfield>
          </datafield>
          <datafield tag="700" ind1="n" ind2="1">
            <subfield code="a">101000</subfield>
          </datafield>
          <datafield tag="700" ind1="n" ind2="1">
            <subfield code="a">102000</subfield>
          </datafield>
          <datafield tag="770" ind1="-" ind2="1">
            <subfield code="i">Digital. Grundwerk zu</subfield>
            <subfield code="t">Westfälische Bibliographie</subfield>
            <subfield code="d">Dortmund : Stadt- u. Landesbibl., 1954-1983</subfield>
            <subfield code="x">0510-3150</subfield>
            <subfield code="9">HT001387918</subfield>
          </datafield>
          <datafield tag="776" ind1="-" ind2="1">
            <subfield code="i">Druckausg.</subfield>
            <subfield code="t">Westfälische Bibliographie zur Geschichte, Landeskunde und Volkskunde</subfield>
            <subfield code="d">Münster : Regensberg, 1951-2004</subfield>
            <subfield code="x">0508-590x</subfield>
            <subfield code="9">HT006951721</subfield>
          </datafield>
          <datafield tag="902" ind1="-" ind2="1">
            <subfield code="g">Westfalen</subfield>
            <subfield code="9">(DE-588)4065781-4</subfield>
          </datafield>
          <datafield tag="902" ind1="-" ind2="1">
            <subfield code="s">Landeskunde</subfield>
            <subfield code="9">(DE-588)4073972-7</subfield>
          </datafield>
          <datafield tag="902" ind1="-" ind2="1">
            <subfield code="f">Bibliographie 1800-1940</subfield>
          </datafield>
          <datafield tag="902" ind1="-" ind2="1">
            <subfield code="f">Online-Publikation</subfield>
          </datafield>
          <datafield tag="904" ind1="a" ind2="1">
            <subfield code="a">DE-6</subfield>
            <subfield code="a">DE-605</subfield>
          </datafield>
          <datafield tag="907" ind1="-" ind2="1">
            <subfield code="g">Westfalen</subfield>
            <subfield code="9">(DE-588)4065781-4</subfield>
          </datafield>
          <datafield tag="907" ind1="-" ind2="1">
            <subfield code="s">Volkskunde</subfield>
            <subfield code="9">(DE-588)4078937-8</subfield>
          </datafield>
          <datafield tag="907" ind1="-" ind2="1">
            <subfield code="f">Bibliographie 1800-1940</subfield>
          </datafield>
          <datafield tag="907" ind1="-" ind2="1">
            <subfield code="f">Online-Publikation</subfield>
          </datafield>
          <datafield tag="909" ind1="a" ind2="1">
            <subfield code="a">DE-6</subfield>
            <subfield code="a">DE-605</subfield>
          </datafield>
          <datafield tag="912" ind1="-" ind2="1">
            <subfield code="g">Westfalen</subfield>
            <subfield code="9">(DE-588)4065781-4</subfield>
          </datafield>
          <datafield tag="912" ind1="-" ind2="1">
            <subfield code="z">Geschichte</subfield>
          </datafield>
          <datafield tag="912" ind1="-" ind2="1">
            <subfield code="f">Bibliographie 1800-1940</subfield>
          </datafield>
          <datafield tag="912" ind1="-" ind2="1">
            <subfield code="f">Online-Publikation</subfield>
          </datafield>
          <datafield tag="914" ind1="a" ind2="1">
            <subfield code="a">DE-6</subfield>
            <subfield code="a">DE-605</subfield>
          </datafield>
          <controlfield tag="SYS">019322945</controlfield>
          <datafield tag="LOW" ind1="-" ind2="1">
            <subfield code="a">K0</subfield>
          </datafield>
          <datafield tag="LOW" ind1="-" ind2="1">
            <subfield code="a">A5</subfield>
          </datafield>
          <datafield tag="LOW" ind1="-" ind2="1">
            <subfield code="a">B5</subfield>
          </datafield>
          <datafield tag="LOW" ind1="-" ind2="1">
            <subfield code="a">C5</subfield>
          </datafield>
          <datafield tag="LOW" ind1="-" ind2="1">
            <subfield code="a">D0</subfield>
          </datafield>
          <datafield tag="LOW" ind1="-" ind2="1">
            <subfield code="a">E0</subfield>
          </datafield>
          <datafield tag="LOW" ind1="-" ind2="1">
            <subfield code="a">F0</subfield>
          </datafield>
          <datafield tag="LOW" ind1="-" ind2="1">
            <subfield code="a">G5</subfield>
          </datafield>
          <datafield tag="LOW" ind1="-" ind2="1">
            <subfield code="a">H7</subfield>
          </datafield>
          <datafield tag="LOW" ind1="-" ind2="1">
            <subfield code="a">K0001</subfield>
          </datafield>
          <datafield tag="LOW" ind1="-" ind2="1">
            <subfield code="a">K7</subfield>
          </datafield>
          <datafield tag="LOW" ind1="-" ind2="1">
            <subfield code="a">KD</subfield>
          </datafield>
          <datafield tag="LOW" ind1="-" ind2="1">
            <subfield code="a">KH</subfield>
          </datafield>
          <datafield tag="LOW" ind1="-" ind2="1">
            <subfield code="a">KM</subfield>
          </datafield>
          <datafield tag="LOW" ind1="-" ind2="1">
            <subfield code="a">L0</subfield>
          </datafield>
          <datafield tag="LOW" ind1="-" ind2="1">
            <subfield code="a">L5</subfield>
          </datafield>
          <datafield tag="LOW" ind1="-" ind2="1">
            <subfield code="a">M0</subfield>
          </datafield>
          <datafield tag="LOW" ind1="-" ind2="1">
            <subfield code="a">N5</subfield>
          </datafield>
          <datafield tag="LOW" ind1="-" ind2="1">
            <subfield code="a">P0001</subfield>
          </datafield>
          <datafield tag="LOW" ind1="-" ind2="1">
            <subfield code="a">R0</subfield>
          </datafield>
          <datafield tag="LOW" ind1="-" ind2="1">
            <subfield code="a">R1</subfield>
          </datafield>
          <datafield tag="LOW" ind1="-" ind2="1">
            <subfield code="a">R2</subfield>
          </datafield>
          <datafield tag="LOW" ind1="-" ind2="1">
            <subfield code="a">R3</subfield>
          </datafield>
          <datafield tag="LOW" ind1="-" ind2="1">
            <subfield code="a">RL</subfield>
          </datafield>
          <datafield tag="LOW" ind1="-" ind2="1">
            <subfield code="a">T0011</subfield>
          </datafield>
          <datafield tag="LOW" ind1="-" ind2="1">
            <subfield code="a">T0012</subfield>
          </datafield>
          <datafield tag="LOW" ind1="-" ind2="1">
            <subfield code="a">V0</subfield>
          </datafield>
          <datafield tag="LOW" ind1="-" ind2="1">
            <subfield code="a">X0</subfield>
          </datafield>
          <datafield tag="LOW" ind1="-" ind2="1">
            <subfield code="a">X5</subfield>
          </datafield>
          <datafield tag="LOW" ind1="-" ind2="1">
            <subfield code="a">X7</subfield>
          </datafield>
          <datafield tag="LOW" ind1="-" ind2="1">
            <subfield code="a">M0001</subfield>
          </datafield>
          <datafield tag="GKZ" ind1="-" ind2="1">
            <subfield code="a">KF</subfield>
          </datafield>
          <datafield tag="GKZ" ind1="-" ind2="1">
            <subfield code="a">KF</subfield>
          </datafield>
          <datafield tag="952" ind1="-" ind2="1">
            <subfield code="g">Provinz Westfalen</subfield>
          </datafield>
          <datafield tag="952" ind1="-" ind2="1">
            <subfield code="g">Herzogtum Westfalen</subfield>
          </datafield>
          <datafield tag="952" ind1="-" ind2="1">
            <subfield code="g">Westphalen</subfield>
          </datafield>
          <datafield tag="952" ind1="-" ind2="1">
            <subfield code="g">Westphalie</subfield>
          </datafield>
          <datafield tag="952" ind1="-" ind2="1">
            <subfield code="s">Regionalkunde</subfield>
          </datafield>
          <datafield tag="957" ind1="-" ind2="1">
            <subfield code="g">Provinz Westfalen</subfield>
          </datafield>
          <datafield tag="957" ind1="-" ind2="1">
            <subfield code="g">Herzogtum Westfalen</subfield>
          </datafield>
          <datafield tag="957" ind1="-" ind2="1">
            <subfield code="g">Westphalen</subfield>
          </datafield>
          <datafield tag="957" ind1="-" ind2="1">
            <subfield code="g">Westphalie</subfield>
          </datafield>
          <datafield tag="957" ind1="-" ind2="1">
            <subfield code="s">Empirische Kulturwissenschaft</subfield>
          </datafield>
          <datafield tag="957" ind1="-" ind2="1">
            <subfield code="s">Ethnographie</subfield>
            <subfield code="h">Volkskunde</subfield>
          </datafield>
          <datafield tag="957" ind1="-" ind2="1">
            <subfield code="s">Ethnografie</subfield>
            <subfield code="h">Volkskunde</subfield>
          </datafield>
          <datafield tag="957" ind1="-" ind2="1">
            <subfield code="s">Europäische Ethnologie</subfield>
          </datafield>
          <datafield tag="957" ind1="-" ind2="1">
            <subfield code="s">Folklore</subfield>
            <subfield code="h">Volkskunde</subfield>
          </datafield>
          <datafield tag="957" ind1="-" ind2="1">
            <subfield code="s">Gegenwartsvolkskunde</subfield>
          </datafield>
          <datafield tag="957" ind1="-" ind2="1">
            <subfield code="s">Kulturanthropologie</subfield>
            <subfield code="h">Volkskunde</subfield>
          </datafield>
          <datafield tag="962" ind1="-" ind2="1">
            <subfield code="g">Provinz Westfalen</subfield>
          </datafield>
          <datafield tag="962" ind1="-" ind2="1">
            <subfield code="g">Herzogtum Westfalen</subfield>
          </datafield>
          <datafield tag="962" ind1="-" ind2="1">
            <subfield code="g">Westphalen</subfield>
          </datafield>
          <datafield tag="962" ind1="-" ind2="1">
            <subfield code="g">Westphalie</subfield>
          </datafield>
          <datafield tag="LOW" ind1="-" ind2="1">
            <subfield code="a">A5001</subfield>
          </datafield>
          <datafield tag="LOW" ind1="-" ind2="1">
            <subfield code="a">N5001</subfield>
          </datafield>
          <datafield tag="LOW" ind1="-" ind2="1">
            <subfield code="a">L5001</subfield>
          </datafield>
          <datafield tag="088" ind1=" " ind2=" ">
            <subfield code="a">Bm 3/3</subfield>
          </datafield>
          <datafield tag="088" ind1=" " ind2=" ">
            <subfield code="a">6</subfield>
            <subfield code="d">1.1951/55 - 2.1961/90; 3.1977</subfield>
          </datafield>
          <datafield tag="088" ind1=" " ind2=" ">
            <subfield code="a">6</subfield>
            <subfield code="d">4.2004</subfield>
          </datafield>
          <datafield tag="088" ind1=" " ind2=" ">
            <subfield code="a">38</subfield>
          </datafield>
          <datafield tag="088" ind1=" " ind2=" ">
            <subfield code="a">466</subfield>
          </datafield>
          <datafield tag="088" ind1=" " ind2=" ">
            <subfield code="a">385</subfield>
          </datafield>
          <datafield tag="088" ind1=" " ind2=" ">
            <subfield code="a">Tr 5</subfield>
          </datafield>
          <datafield tag="088" ind1=" " ind2=" ">
            <subfield code="a">A 96</subfield>
          </datafield>
          <datafield tag="088" ind1=" " ind2=" ">
            <subfield code="a">829</subfield>
          </datafield>
          <datafield tag="088" ind1=" " ind2=" ">
            <subfield code="a">743</subfield>
          </datafield>
          <datafield tag="200" ind1=" " ind2="9">
            <subfield code="0">1</subfield>
            <subfield code="b">1.1951/55 - 2.1961/90; 3.1977</subfield>
            <subfield code="2">M0001</subfield>
          </datafield>
          <datafield tag="652" ind1="a" ind2="9">
            <subfield code="a">Online-Ressource</subfield>
            <subfield code="2">M0001</subfield>
          </datafield>
          <datafield tag="655" ind1=" " ind2="9">
            <subfield code="u">http://nbn-resolving.de/urn:nbn:de:hbz:6-85659520092</subfield>
            <subfield code="2">M0001</subfield>
          </datafield>
          <datafield tag="200" ind1=" " ind2="9">
            <subfield code="0">24</subfield>
            <subfield code="a">- Register</subfield>
            <subfield code="b">4.2004</subfield>
            <subfield code="2">M0001</subfield>
          </datafield>
          <datafield tag="652" ind1="a" ind2="9">
            <subfield code="a">Online-Ressource</subfield>
            <subfield code="2">M0001</subfield>
          </datafield>
          <datafield tag="655" ind1=" " ind2="9">
            <subfield code="u">http://nbn-resolving.de/urn:nbn:de:hbz:6-85659520092</subfield>
            <subfield code="2">M0001</subfield>
          </datafield>
        </record>
      </metadata>
    </record>
  </ListRecords>
</OAI-PMH>
